<record><leader>00000cas a22000007a 4500</leader><controlfield tag="001">15716366</controlfield><controlfield tag="008">870520d18441844inuwr ne      0    0eng d</controlfield><datafield ind1=" " ind2=" " tag="010"><subfield code="a">sn 87056193 </subfield></datafield><datafield ind1=" " ind2=" " tag="040"><subfield code="a">NPI</subfield><subfield code="b">eng</subfield><subfield code="c">NPI</subfield><subfield code="d">OCLCQ</subfield></datafield><datafield ind1=" " ind2=" " tag="042"><subfield code="a">msc</subfield></datafield><datafield ind1="0" ind2=" " tag="130"><subfield code="a">Balance (Goshen, Ind.)</subfield></datafield><datafield ind1="1" ind2="4" tag="245"><subfield code="a">The balance.</subfield></datafield><datafield ind1=" " ind2=" " tag="260"><subfield code="a">Goshen, Ia. [i.e. Ind.] :</subfield><subfield code="b">J.C. Waugh</subfield></datafield><datafield ind1=" " ind2=" " tag="310"><subfield code="a">Weekly</subfield></datafield><datafield ind1="1" ind2=" " tag="362"><subfield code="a">Began with June 27, 1844 issue; ceased with Nov. 7, 1844 issue?</subfield></datafield><datafield ind1=" " ind2=" " tag="500"><subfield code="a">"Is to be published ... until after the Nov. election."</subfield></datafield><datafield ind1=" " ind2=" " tag="588"><subfield code="a">Description based on: Vol. 1, no. 4 (July 18, 1844).</subfield></datafield><datafield ind1=" " ind2=" " tag="752"><subfield code="a">United States</subfield><subfield code="b">Indiana</subfield><subfield code="c">Elkhart</subfield><subfield code="d">Goshen.</subfield></datafield></record>